@article{Fayyad:1996:KPE:240455.240464,
 author = {Fayyad, Usama and Piatetsky-Shapiro, Gregory and Smyth, Padhraic},
 title = {The KDD Process for Extracting Useful Knowledge from Volumes of Data},
 journal = {Commun. ACM},
 issue_date = {Nov. 1996},
 volume = {39},
 number = {11},
 month = nov,
 year = {1996},
 issn = {0001-0782},
 pages = {27--34},
 numpages = {8},
 url = {http://doi.acm.org/10.1145/240455.240464},
 doi = {10.1145/240455.240464},
 acmid = {240464},
 publisher = {ACM},
 address = {New York, NY, USA},
}